<?xml version="1.0" encoding="UTF-8"?><collection xmlns="http://www.loc.gov/MARC21/slim"><record><leader>00622nam--2200181-i-4500</leader><controlfield tag="001">000046990</controlfield><controlfield tag="002">20161230</controlfield><controlfield tag="005">20161230201046</controlfield><controlfield tag="008">060222s1000------------r-----000-0-eng-d</controlfield><datafield ind1=" " ind2=" " tag="040"><subfield code="a">IFIN-HH</subfield></datafield><datafield ind1=" " ind2=" " tag="080"><subfield code="a">539.12.01:530.145(075.9)</subfield></datafield><datafield ind1="1" ind2=" " tag="100"><subfield code="a">Fronsdal, Christian</subfield></datafield><datafield ind1="1" ind2="0" tag="245"><subfield code="a">Weak interactions and topics in dispersion physics</subfield><subfield code="b">Lecture notes from the second bergen international school of physics, 1962</subfield><subfield code="c">Christian fronsdal (ed.)</subfield></datafield><datafield ind1=" " ind2=" " tag="260"><subfield code="a">New York</subfield><subfield code="b">W.A.Benjamin, Inc.H</subfield><subfield code="c">1963</subfield></datafield><datafield ind1=" " ind2=" " tag="300"><subfield code="a">XI+269P</subfield></datafield><datafield ind1=" " ind2=" " tag="490"><subfield code="a">The Bergen International School Of Physics</subfield></datafield><datafield ind1=" " ind2=" " tag="852"><subfield code="a">18919</subfield><subfield code="c">539.12</subfield></datafield><datafield ind1=" " ind2=" " tag="CAT"><subfield code="a">Sys</subfield><subfield code="c">20111103</subfield><subfield code="h">123817</subfield></datafield></record></collection>